<?xml version="1.0" encoding="UTF-8"?><record xmlns="http://www.loc.gov/MARC21/slim" xmlns:cinclude="http://apache.org/cocoon/include/1.0" xmlns:zs="http://www.loc.gov/zing/srw/">
  <leader>00504nz  a2200133n  4500</leader>
  <controlfield tag="001">n  96049772 </controlfield>
  <controlfield tag="003">DLC</controlfield>
  <controlfield tag="005">19960520120438.0</controlfield>
  <controlfield tag="008">960520n| acannaab|          |a aaa |||  </controlfield>
  <datafield tag="010" ind1=" " ind2=" ">
    <subfield code="a">n  96049772 </subfield>
  </datafield>
  <datafield tag="040" ind1=" " ind2=" ">
    <subfield code="a">DLC</subfield>
    <subfield code="c">DLC</subfield>
  </datafield>
  <datafield tag="100" ind1="1" ind2="0">
    <subfield code="a">Rodríguez, Luis J.,</subfield>
    <subfield code="d">1954-</subfield>
    <subfield code="t">América is her name.</subfield>
    <subfield code="l">Spanish</subfield>
  </datafield>
  <datafield tag="400" ind1="1" ind2="0">
    <subfield code="a">Rodríguez, Luis J.,</subfield>
    <subfield code="d">1954-</subfield>
    <subfield code="t">Le llaman América</subfield>
  </datafield>
  <datafield tag="670" ind1=" " ind2=" ">
    <subfield code="a">Le llaman América, 1996:</subfield>
    <subfield code="b">t.p. (por Luis J. Rodríguez; traducción, Tino Villanueva) data sheet (original title: América is her name)</subfield>
  </datafield>
</record>